<record><leader>00000cas a2200000Ia 4500</leader><controlfield tag="001">32802486</controlfield><controlfield tag="008">950712c19959999vaucr ne      0   a0eng d</controlfield><datafield ind1=" " ind2=" " tag="010"><subfield code="a">sn 95079332 </subfield></datafield><datafield ind1=" " ind2=" " tag="040"><subfield code="a">VRA</subfield><subfield code="b">eng</subfield><subfield code="c">VRA</subfield><subfield code="d">NVK</subfield><subfield code="d">OCLCQ</subfield></datafield><datafield ind1=" " ind2=" " tag="022"><subfield code="y">0164-9086</subfield></datafield><datafield ind1=" " ind2=" " tag="043"><subfield code="a">n-us-va</subfield></datafield><datafield ind1=" " ind2=" " tag="090"><subfield code="a">AN</subfield></datafield><datafield ind1="0" ind2="0" tag="245"><subfield code="a">Radford news journal.</subfield></datafield><datafield ind1="3" ind2="0" tag="246"><subfield code="a">News journal</subfield></datafield><datafield ind1=" " ind2=" " tag="260"><subfield code="a">Christiansburg, Va. :</subfield><subfield code="b">New River Newspapers,</subfield><subfield code="c">1995-</subfield></datafield><datafield ind1=" " ind2=" " tag="300"><subfield code="a">v. :</subfield><subfield code="b">ill. ;</subfield><subfield code="c">58 cm.</subfield></datafield><datafield ind1=" " ind2=" " tag="310"><subfield code="a">Semiweekly</subfield></datafield><datafield ind1="0" ind2=" " tag="362"><subfield code="a">Vol. 124, no. 80 (July 5, 1995)-</subfield></datafield><datafield ind1=" " ind2=" " tag="515"><subfield code="a">Continues numbering of: News (Christiansburg, Va.).</subfield></datafield><datafield ind1=" " ind2=" " tag="530"><subfield code="a">Available on microfilm from UMI (for the Library of Virginia).</subfield></datafield><datafield ind1=" " ind2=" " tag="580"><subfield code="a">Continues in part: News (Christiansburg, Va.).</subfield></datafield><datafield ind1=" " ind2="0" tag="651"><subfield code="a">Christiansburg (Va.)</subfield><subfield code="v">Newspapers.</subfield></datafield><datafield ind1=" " ind2="0" tag="651"><subfield code="a">Radford (Va.)</subfield><subfield code="v">Newspapers.</subfield></datafield><datafield ind1=" " ind2=" " tag="752"><subfield code="a">United States</subfield><subfield code="b">Virginia</subfield><subfield code="d">Christiansburg.</subfield></datafield><datafield ind1="0" ind2="1" tag="780"><subfield code="t">News (Christiansburg, Va.)</subfield><subfield code="w">(DLC)sn 95079331</subfield></datafield></record>